
@online{wiki_historie_roboti,
  title        = {Mobile robot},
  url          = {https://en.wikipedia.org/wiki/Mobile_robot#History},
  urldate      = {2022-03-01},
  label        = {wiki_historie_roboti},
  langid       = {english},
  note =         {[Online]},
}

@online{wiki_historie_Shakey,
  title        = {Shakey the robot},
  url          = {https://en.wikipedia.org/wiki/Shakey_the_robot},
  urldate      = {2022-03-01},
  label        = {wiki_historie_Shakey},
  langid       = {english},
  note =         {[Online]},
}



@online{senzor,
  title =        {Přístroje pro měření viditelnosti VISIC620},
  editor =       {sick.com},
  urldate      = {2022-11-20},
  label        = {senzor},
  url = {https://www.sick.com/cz/cs/dopravni-senzory/pristroje-pro-mereni-viditelnosti/visic620/visic620-1111/p/p494044},
 langid       = {czech},
  note =         {[Online]},
}


