
@online{wiki_historie_roboti,
  title        = {Mobile robot},
  url          = {https://en.wikipedia.org/wiki/Mobile_robot#History},
  urldate      = {2022-03-01},
  label        = {wiki_historie_roboti},
  langid       = {english},
  note =         {[Online]},
}

@online{wiki_historie_Shakey,
  title        = {Shakey the robot},
  url          = {https://en.wikipedia.org/wiki/Shakey_the_robot},
  urldate      = {2022-03-01},
  label        = {wiki_historie_Shakey},
  langid       = {english},
  note =         {[Online]},
}



@online{senzor,
  title =        {Přístroje pro měření viditelnosti VISIC620},
  editor =       {SICK},
  urldate      = {2022-11-20},
  label        = {senzor},
  url = {https://www.sick.com/cz/cs/dopravni-senzory/pristroje-pro-mereni-viditelnosti/visic620/visic620-1111/p/p494044},
 langid       = {czech},
  note =         {[Online]},
}

@online{TCP_UDP,
  title =        {TCP VS UDP},
  editor =       {PROFiber Networking},
  urldate      = {2022-11-20},
  label        = {TCP_UDP},
  url = {https://www.profiber.eu/cz/aplikace/tcp-vs-udp/},
 langid       = {czech},
  note =         {[Online]},
}

@online{UDP,
  title =        {UDP},
  editor =       {Správa sítě},
  urldate      = {2022-11-20},
  label        = {UDP},
  url = {https://www.sprava-site.eu/udp/},
 langid       = {czech},
  note =         {[Online]},
}

@online{PROMOTIC,
  title =        {Co je PROMOTIC},
  editor =       {MICROSYS},
  urldate      = {2022-11-20},
  label        = {PROMOTIC},
  url = {https://www.promotic.eu/cz/pmdoc/WhatIsPromotic/WhatIsPromotic.htm},
 langid       = {czech},
  note =         {[Online]},
}